% === Journal ===
@article{westny2023mtpgo,
  title="{MTP-GO}: Graph-Based Probabilistic Multi-Agent Trajectory Prediction with Neural {ODEs}",
  author={Westny, Theodor and \textbf{Oskarsson}, \textbf{Joel} and Olofsson, Bj{\"o}rn and Frisk, Erik},
  journal={IEEE Transactions on Intelligent Vehicles},
  year={2023},
  keywords={journal},
}


% === Conference ===
@inproceedings{oskarsson2024probabilistic,
  title = {Probabilistic Weather Forecasting with Hierarchical Graph Neural Networks},
  author = {\textbf{Oskarsson}, \textbf{Joel} and Landelius, Tomas and Deisenroth, Marc Peter and Lindsten, Fredrik},
  year = {2024},
  booktitle = {Advances in Neural Information Processing Systems},
  volume = {37},
  note = {\textbf{[Spotlight]}. Forthcoming},
  keywords={conference},
}

@inproceedings{tgnn4i,
  title = {Temporal Graph Neural Networks for Irregular Data},
  author = {\textbf{Oskarsson}, \textbf{Joel} and Sid\'en, Per and Lindsten, Fredrik},
  booktitle = {Proceedings of The 26th International Conference on Artificial Intelligence and Statistics},
  year = {2023},
  keywords={conference},
}

@inproceedings{westny2023evaluation,
  title = {Evaluation of Differentially Constrained Motion Models for Graph-Based Trajectory Prediction},
  author = {Westny, Theodor and \textbf{Oskarsson}, \textbf{Joel} and Olofsson, Bj{\"o}rn and Frisk, Erik},
  booktitle={2023 IEEE Intelligent Vehicles Symposium (IV)},
  year = {2023},
  keywords={conference},
}

@inproceedings{pmlr-v162-oskarsson22a,
  title = {Scalable Deep {G}aussian {M}arkov Random Fields for General Graphs},
  author = {\textbf{Oskarsson}, \textbf{Joel} and Sid{\'e}n, Per and Lindsten, Fredrik},
  booktitle = {Proceedings of the 39th International Conference on Machine Learning},
  year = {2022},
  publisher = {PMLR},
  keywords={conference},
}

% === Workshop ===
@inproceedings{cp_weather_models,
  title = {Valid Error Bars for Neural Weather Models using Conformal Prediction},
  booktitle = {ICML Workshop on Machine Learning for Earth System Modeling},
  author = {Gopakumar, Vignesh and \textbf{Oskarsson}, \textbf{Joel} and Gray, Ander and Zanisi, Lorenzo and Pamela, Stanislas and Giles, Daniel and Kusner, Matt and Deisenroth, Marc},
  year = {2024},
  keywords={workshop},
}

@inproceedings{neural_lam,
  title = {Graph-based Neural Weather Prediction for Limited Area Modeling},
  author = {\textbf{Oskarsson}, \textbf{Joel} and Landelius, Tomas and Lindsten, Fredrik},
  booktitle = {NeurIPS 2023 Workshop on Tackling Climate Change with Machine Learning},
  year = {2023},
  keywords={workshop},
}

@inproceedings{temporal_continuous_gnns,
  author = {\textbf{Oskarsson}, \textbf{Joel} and Sid{\'e}n, Per and Lindsten, Fredrik},
  title = {Temporal Graph Neural Networks with Time-Continuous Latent States},
  booktitle = {ICML Workshop on Continuous Time Methods for Machine Learning},
  year = {2022},
  keywords={workshop},
}

% === Preprint ===
@article{andrae2024continuousensembleweatherforecasting,
  title = {Continuous Ensemble Weather Forecasting with Diffusion models},
  author = {Andrae, Martin and Landelius, Tomas and \textbf{Oskarsson}, \textbf{Joel} and Lindsten, Fredrik},
  journal = {preprint},
  year = {2024},
  keywords={preprint},
}

@article{cp_surrogate_models,
  title = {Uncertainty Quantification of Pre-Trained and Fine-Tuned Surrogate Models using Conformal Prediction},
  author = {Gopakumar, Vignesh and Gray, Ander and \textbf{Oskarsson}, \textbf{Joel} and Zanisi, Lorenzo and Pamela, Stanislas and Giles, Daniel and Kusner, Matt and Deisenroth, Marc Peter},
  journal = {preprint},
  year = {2024},
  keywords={preprint},
}


